<record><leader>00000cas a2200000 a 4500</leader><controlfield tag="001">27053211</controlfield><controlfield tag="008">921202d19161945caudn ne      0    0eng c</controlfield><datafield ind1=" " ind2=" " tag="010"><subfield code="a">sn 92068929 </subfield></datafield><datafield ind1=" " ind2=" " tag="040"><subfield code="a">CUY</subfield><subfield code="b">eng</subfield><subfield code="c">CNK</subfield><subfield code="d">OCLCQ</subfield><subfield code="d">CNK</subfield><subfield code="d">OCLCQ</subfield><subfield code="d">OCLCF</subfield><subfield code="d">OCLCO</subfield></datafield><datafield ind1="1" ind2=" " tag="029"><subfield code="a">AU@</subfield><subfield code="b">000020739593</subfield></datafield><datafield ind1=" " ind2=" " tag="042"><subfield code="a">pcc</subfield></datafield><datafield ind1=" " ind2=" " tag="043"><subfield code="a">n-us-ca</subfield></datafield><datafield ind1="0" ind2=" " tag="130"><subfield code="a">Corning observer (Corning, Calif. : 1916)</subfield></datafield><datafield ind1="1" ind2="4" tag="245"><subfield code="a">The Corning observer.</subfield></datafield><datafield ind1="1" ind2="7" tag="246"><subfield code="a">Corning (California) daily observer</subfield></datafield><datafield ind1="1" ind2="7" tag="246"><subfield code="a">Corning (California) observer</subfield></datafield><datafield ind1="1" ind2="3" tag="246"><subfield code="a">Corning daily observer</subfield></datafield><datafield ind1=" " ind2=" " tag="260"><subfield code="a">Corning, Calif. :</subfield><subfield code="b">T.E. Harper</subfield></datafield><datafield ind1=" " ind2=" " tag="300"><subfield code="a">v.</subfield></datafield><datafield ind1=" " ind2=" " tag="310"><subfield code="a">Daily (except Sat. &amp; Sun.),</subfield><subfield code="b">Apr. 22, 1918-June 8, 1945</subfield></datafield><datafield ind1=" " ind2=" " tag="321"><subfield code="a">Weekly,</subfield><subfield code="b">Dec. 14, 1916-Apr. 18, 1918</subfield></datafield><datafield ind1="0" ind2=" " tag="362"><subfield code="a">Vol. 29, no. 16 (Dec. 14, 1916)-v. 85, no. 113 (June 8, 1945).</subfield></datafield><datafield ind1=" " ind2=" " tag="500"><subfield code="a">"Weekly edition" found in publisher's statement of Wednesday issues, May 8, 1918-Aug. 25, 1925.</subfield></datafield><datafield ind1=" " ind2=" " tag="515"><subfield code="a">Vol. numbering for daily issues starts with v. 1, no. 1-12, then changes to v. 30, no. 13 with May 6, 1918 issue.</subfield></datafield><datafield ind1=" " ind2=" " tag="530"><subfield code="a">Master negatives are available for duplication from:</subfield><subfield code="b">California Newspaper Microfilm Archive;</subfield><subfield code="c">positive copies may be purchased by the reel; for further information consult the CNMA at:</subfield><subfield code="u">http://cbsr.ucr.edu</subfield></datafield><datafield ind1=" " ind2="0" tag="651"><subfield code="a">Corning (Calif.)</subfield><subfield code="v">Newspapers.</subfield></datafield><datafield ind1=" " ind2="7" tag="655"><subfield code="a">Newspapers.</subfield><subfield code="2">fast</subfield><subfield code="0">(OCoLC)fst01423814</subfield></datafield><datafield ind1=" " ind2="7" tag="651"><subfield code="a">California</subfield><subfield code="z">Corning.</subfield><subfield code="2">fast</subfield><subfield code="0">(OCoLC)fst01217486</subfield></datafield><datafield ind1=" " ind2=" " tag="752"><subfield code="a">United States</subfield><subfield code="b">California</subfield><subfield code="c">Tehama</subfield><subfield code="d">Corning.</subfield></datafield><datafield ind1="0" ind2="0" tag="780"><subfield code="t">Observer (Corning, Calif.)</subfield><subfield code="w">(DLC)sn 92068924</subfield></datafield><datafield ind1="0" ind2="5" tag="780"><subfield code="t">Corning advance</subfield><subfield code="w">(DLC)sn 95062241</subfield></datafield><datafield ind1="0" ind2="0" tag="785"><subfield code="t">Corning daily observer</subfield><subfield code="w">(DLC)sn 95062243</subfield></datafield></record>